<record><leader>00000cas a22000007a 4500</leader><controlfield tag="001">35290694</controlfield><controlfield tag="008">960822d18801904meuwr ne      0    0eng d</controlfield><datafield ind1=" " ind2=" " tag="010"><subfield code="a">sn 96075125 </subfield></datafield><datafield ind1=" " ind2=" " tag="040"><subfield code="a">MBN</subfield><subfield code="b">eng</subfield><subfield code="c">MBN</subfield><subfield code="d">OCLCQ</subfield><subfield code="d">OCLCF</subfield><subfield code="d">OCLCO</subfield></datafield><datafield ind1="1" ind2=" " tag="029"><subfield code="a">AU@</subfield><subfield code="b">000012845194</subfield></datafield><datafield ind1=" " ind2=" " tag="042"><subfield code="a">msc</subfield></datafield><datafield ind1=" " ind2=" " tag="043"><subfield code="a">n-us-me</subfield></datafield><datafield ind1="0" ind2=" " tag="130"><subfield code="a">Waterville sentinel (Waterville, Me.)</subfield></datafield><datafield ind1="1" ind2="4" tag="245"><subfield code="a">The Waterville sentinel.</subfield></datafield><datafield ind1=" " ind2=" " tag="260"><subfield code="a">Waterville, Me. :</subfield><subfield code="b">O.G. Hall &amp; Son</subfield></datafield><datafield ind1=" " ind2=" " tag="300"><subfield code="a">v.</subfield></datafield><datafield ind1=" " ind2=" " tag="310"><subfield code="a">Weekly</subfield></datafield><datafield ind1="1" ind2=" " tag="362"><subfield code="a">Began 1880; ceased 1904.</subfield></datafield><datafield ind1=" " ind2=" " tag="588"><subfield code="a">Description based on: Vol. 9, no. 28 (Apr. 18, 1889).</subfield></datafield><datafield ind1=" " ind2="0" tag="651"><subfield code="a">Waterville (Me.)</subfield><subfield code="v">Newspapers.</subfield></datafield><datafield ind1=" " ind2="7" tag="655"><subfield code="a">Newspapers.</subfield><subfield code="2">fast</subfield><subfield code="0">(OCoLC)fst01423814</subfield></datafield><datafield ind1=" " ind2="7" tag="651"><subfield code="a">Maine</subfield><subfield code="z">Waterville.</subfield><subfield code="2">fast</subfield><subfield code="0">(OCoLC)fst01204468</subfield></datafield><datafield ind1=" " ind2=" " tag="752"><subfield code="a">United States</subfield><subfield code="b">Maine</subfield><subfield code="c">Kennebec</subfield><subfield code="d">Waterville.</subfield></datafield><datafield ind1="0" ind2="0" tag="785"><subfield code="t">Waterville morning sentinel</subfield><subfield code="w">(DLC)sn 96075166</subfield></datafield></record>